<record xmlns='http://www.loc.gov/MARC21/slim'><leader>01613cam a22003617a 4500</leader><controlfield tag='001'>6022968</controlfield><controlfield tag='005'>20171218155329.0</controlfield><controlfield tag='008'>911206s1934    cc            000 0 chi d</controlfield><datafield ind1='1' ind2=' ' tag='019'><subfield code='a'>15314163</subfield><subfield code='z'>.b13958227</subfield></datafield><datafield ind1=' ' ind2=' ' tag='035'><subfield code='a'>(OCoLC)24899172</subfield></datafield><datafield ind1=' ' ind2=' ' tag='040'><subfield code='a'>BNJ</subfield><subfield code='c'>BNJ</subfield><subfield code='d'>DLC</subfield><subfield code='d'>ANL</subfield></datafield><datafield ind1='0' ind2=' ' tag='041'><subfield code='a'>chi</subfield><subfield code='a'>eng</subfield></datafield><datafield ind1='1' ind2=' ' tag='100'><subfield code='6'>880-01</subfield><subfield code='a'>Tang, Yue.</subfield></datafield><datafield ind1='1' ind2='0' tag='245'><subfield code='6'>880-02</subfield><subfield code='a'>Xiu ci ge /</subfield><subfield code='c'>Tang Yue zhu.</subfield></datafield><datafield ind1=' ' ind2=' ' tag='250'><subfield code='6'>880-03</subfield><subfield code='a'>Zai ban.</subfield></datafield><datafield ind1=' ' ind2=' ' tag='260'><subfield code='6'>880-04</subfield><subfield code='a'>Shanghai :</subfield><subfield code='b'>Shang wu yin shu guan,</subfield><subfield code='c'>1934.</subfield></datafield><datafield ind1=' ' ind2=' ' tag='300'><subfield code='a'>77 p. ;</subfield><subfield code='c'>19 cm.</subfield></datafield><datafield ind1='1' ind2=' ' tag='490'><subfield code='6'>880-05</subfield><subfield code='a'>Wan you wen ku. Di 1 ji ;</subfield><subfield code='v'>754</subfield></datafield><datafield ind1=' ' ind2=' ' tag='500'><subfield code='6'>880-06</subfield><subfield code='a'>Fu Ying Han ming ci dui zhao.</subfield></datafield><datafield ind1=' ' ind2=' ' tag='500'><subfield code='6'>880-07</subfield><subfield code='a'>1929 chu ban.</subfield></datafield><datafield ind1=' ' ind2=' ' tag='520'><subfield code='6'>880-06</subfield><subfield code='a'>Xiu ci ge ji ji ji xiu ci de ge zhong ge shi. Gong 5 zhang. Jiang shu gen yu bi jiao de xiu ci ge, gen yu lian xiang de xiu ci ge, gen yu xiang xiang de xiu ci ge, gen yu qu zhe de xiu ci ge, gen yu chong fu de xiu ci ge deng 5 zhong xiu ci ge shi.</subfield></datafield><datafield ind1=' ' ind2='0' tag='650'><subfield code='a'>Chinese language</subfield><subfield code='x'>Rhetoric.</subfield></datafield><datafield ind1='0' ind2='2' tag='740'><subfield code='a'>Xiu ci ge.</subfield></datafield><datafield ind1=' ' ind2='0' tag='830'><subfield code='6'>880-08</subfield><subfield code='a'>Wan you wen ku. Di 1 ji ;</subfield><subfield code='v'>754.</subfield></datafield><datafield ind1='1' ind2=' ' tag='880'><subfield code='6'>100-01</subfield><subfield code='a'>唐鉞.</subfield></datafield><datafield ind1='1' ind2='0' tag='880'><subfield code='6'>245-02</subfield><subfield code='a'>修辭格 /</subfield><subfield code='c'>唐鉞著</subfield></datafield><datafield ind1=' ' ind2=' ' tag='880'><subfield code='6'>250-03</subfield><subfield code='a'>再版.</subfield></datafield><datafield ind1=' ' ind2=' ' tag='880'><subfield code='6'>260-04</subfield><subfield code='a'>上海 :</subfield><subfield code='b'>商務印書館,</subfield><subfield code='c'>1934.</subfield></datafield><datafield ind1='1' ind2=' ' tag='880'><subfield code='6'>490-05</subfield><subfield code='a'>萬有文庫. 第1集 ;</subfield><subfield code='v'>754</subfield></datafield><datafield ind1=' ' ind2=' ' tag='880'><subfield code='6'>500-06</subfield><subfield code='a'>附英漢名詞對照.</subfield></datafield><datafield ind1=' ' ind2=' ' tag='880'><subfield code='6'>500-07</subfield><subfield code='a'>1929初版.</subfield></datafield><datafield ind1=' ' ind2=' ' tag='880'><subfield code='6'>520-06</subfield><subfield code='a'>修辭格即積極修辭的各種格式. 共5章. 講述根於比較的修辭格、根於聯想的修辭格、根於想象的修辭格、根於曲折的修辭格、根於重複的修辭格等5種修辭格式.</subfield></datafield><datafield ind1='1' ind2=' ' tag='880'><subfield code='6'>830-08</subfield><subfield code='a'>萬有文庫. 第1集 ;</subfield><subfield code='v'>754.</subfield></datafield></record>